2724 4628
1048 309 1113 362 'xt
1160 306 1163 313 ’

94 439 323 558 hibentur,
349 430 732 568 aaaaproetegiis
752 465 926 562 habere,
952 483 1112 545 etcum
1197 476 1253 514 ¹*
1341 489 1342 512 ³

95 569 347 656 Mimnermi
360 569 552 662 alicujus,
582 569 887 644 autSolonis'ct
902 569 1111 671 Theogni-

97 675 161 752 dis
185 676 342 772 &filus
361 669 848 770 commode'coniungere
868 671 1014 789 possis.
1058 679 1111 749 Et
1170 679 1182 766 ᾗ

95 779 222 871 huius
266 772 438 873 quidem
473 773 633 876 generis
668 773 791 872 longe
823 779 1027 848 maximus
1062 801 1112 850 ex
1190 844 1194 858 ,
1264 773 1268 788 '

98 881 219 956 omni
235 875 324 952 fere
342 890 469 950 aetate
479 875 683 948 'numerus
699 873 752 948 ad
761 889 908 950 nostra
922 891 1111 978 tempora

98 995 285 1062 servatus
302 993 385 1067 est,
412 978 459 1054 in
480 1001 565 1074 quo
585 977 765 1075 plurima
787 987 944 1058 suntet
962 979 1111 1054 inven-

98 1084 229 1160 tionis
253 1079 376 1154 laude
393 1079 634 1178 conspicua,
661 1093 703 1152 et
726 1080 925 1153 orationis
951 1080 1110 1180 elegan-

99 1187 156 1262 tia
178 1181 550 1285 praestantissima,
592 1179 742 1277 quibus
767 1186 940 1273 jactura,
986 1206 1111 1278 quam

97 1289 147 1362 in
186 1285 376 1384 elegiacis
416 1282 572 1383 optimi
602 1283 696 1356 aevi
734 1282 868 1382 poetis
899 1281 1108 1376 .fecimus,
1146 1291 1148 1297 '

103 1383 416 1487 quodammodo
449 1383 686 1474 resarcitur,
727 1383 855 1478 idque
890 1393 939 1458 eo
966 1388 1109 1486 magis,

101 1515 185 1588 quo
210 1487 576 1562 verisimilius-est
592 1525 596 1533 ·
612 1483 726 1563 haud
751 1508 882 1583 pauca
905 1487 962 1560 'in
986 1487 1038 1561 iis
1063 1507 1112 1564 cx

100 1589 407 1693 limpidissimis
422 1587 695 1664 bernatorum
721 1586 996 1685 elegiacorum
1016 1587 1112 1666 fon·

101 1695 215 1770 tibus
233 1690 409 1767 deducta
422 1705 550 1787 atque
567 1687 749 1764 derivata
758 1697 860 1763 esse.

202 1799 293 1878 Jam
314 1792 600 1893 reputantibus
621 1791 767 1878 nobis,
812 1787 1114 1888 quanta-fuerit

101 1919 177 2000 per
196 1911 328 1971 totam
356 1895 568 1970 Graeciam
591 1891 642 1966 'ab
674 1893 961 1990 antiquissima
984 1899 1113 1970 aetate

102 1998 370 2102 publicorum
405 1997 759 2096 privatorumque·
780 1996 918 2071 omnis
951 1998 1112 2098 generis

101 2101 461 2188 monimentorum
477 2098 619 2198 copia,
648 2097 837 2192 equibus
853 2097 1114 2197 plurimadn·

104 2202 400 2304 scriptionibus
414 2199 614 2274 instructa
630 2195 761 2274 fuisse
785 2214 963 2289 constat,
992 2199 1114 2276 dubi-

103 2305 182 2378 tari
203 2329 292 2379 non
325 2317 464 2404 potest
508 2325 735 2377 numerum
772 2301 1114 2400 epigrammatum

20 2437 22 2478 t
104 2405 291 2482 versibus
308 2417 605 2502 conceptorum
617 2401 731 2474 haud
753 2399 882 2474 fuisse
905 2404 1111 2503 exiguum.
1222 2435 1228 2452 ·

20 2538 25 2610 3
102 2511 217 2586 Inter
243 2507 344 2582 haec
367 2530 501 2604 quum
521 2503 703 2604 plurima
721 2517 896 2592 esseut,
928 2530 1031 2602 quae
1062 2505 1115 2582 ad

20 2645 22 2664 ι
76 2607 360 2712 populorum
381 2632 446 2684 res
468 2620 634 2706 gestas,
660 2603 715 2678 ad
736 2611 918 2680 veterem
943 2608 1139 2712 urbium,
1200 2663 1203 2681 .

20 2717 22 2726 ’
104 2710 395 2798 memoriam,
420 2708 764 2808 singulorumque
795 2708 1028 2784 hominum*
1051 2713 1115 2786 vi·-

20 2827 22 2866 l
103 2827 188 2886 turn
241 2809 528 2888 illustrandam
583 2824 846 2886 momentum
902 2810 1132 2904 haberent,¹¹
1188 2823 1192 2892 3

20 2941 25 3003 ⁴.
107 2915 270 3006 Graeci,
314 2927 498 2989 vetustae
524 2915 667 2990 rerum
690 2937 860 2988 suarum
887 2910 1117 3006 memoriae
1133 2919 1160 2986 ¹.
1196 2911 1205 2919 ’

20 3020 26 3065 ²
105 3031 425 3118 perscrutatores
452 3015 746 3106 curiosissimi,
780 3041 857 3090 nee
881 3015 995 3092 hunc
1018 3015 1114 3092 fon-

20 3125 28 3212 Γ.
105 3133 190 3192 tem
212 3117 502 3218 neglexerunt,
531 3117 873 3214 exstiteruntque,
911 3121 984 3216 qui
1008 3125 1135 3214 ejus-j

23 3248 30 3261 ·
104 3218 225 3296 modi
247 3219 535 3320 epigrammata
550 3217 607 3293 'ex
625 3218 819 3319 dispersis
843 3222 1113 3297 monimentis
1156 3231 1177 3312 f

20 3319 23 3332 '
106 3322 364 3422 colligerent,
407 3323 613 3419 simulque
640 3347 736 3397 cum
758 3322 883 3422 ipsis,
908 3333 910 3340 ’
933 3324 984 3399 ad
1010 3347 1117 3422 quaa

104 3423 383 3603 pertinebant,
433 3425 628 3528 operibus
662 3423 864 3524 descripta
896 3441 936 3499 et
970 3425 1117 3499 adum·
1193 3457 1195 3462 ¹
1293 3503 1296 3513 ,

20 3561 22 3636 g
135 3541 220 3602 rata
236 3541 455 3602 servarent.
500 3529 891 3604 Commemorantur
907 3529 1116 3602 collectio·
1216 3588 1223 3598 .

103 3652 179 3704 nes
203 3628 327 3722 hujus
349 3629 531 3728 generis,
572 3627 736 3721 duobus
763 3643 855 3704 ante
879 3655 1014 3704 aeram
1037 3656 1117 3707 no-
1153 3645 1178 3682 *
1220 3681 1222 3688 ·

20 3769 22 3798 ι
103 3745 233 3806 stram
247 3731 419 3806 saeculis
438 3731 699 3806 aPolemone
718 3734 997 3822 concinnatae,
1024 3747 1116 3808 tum

103 3833 285 3923 Alcetas,
338 3831 579 3909 Philochori
611 3847 651 3906 et
690 3833 887 3920 aliorum,
940 3858 1116 3934 quarum

103 3935 218 4012 nulla
237 3949 411 4010 aetatem
427 3935 542 4024 tulit,
571 3959 820 4032 quamquam
841 3936 935 4010 satis
951 3939 1010 4014 ‘sit
1031 3943 1116 4012 cre-

20 4055 21 4060 ’
105 4037 236 4115 dibile¹
257 4063 282 4113 a
298 4037 526 4114 acrioribus
551 4049 641 4110 tum
663 4035 894 4126 historicis,
929 4055 1020 4113 tum
1034 4043 1117 4118 Aru

104 4131 388 4248 tholo'giarum
440 4121 726 4240 conditoribus
759 4142 1009 4240 antiquiora
1045 4141 1120 4236 illa
1165 4221 1167 4230 ,
