2724 4628
1089 323 1165 378 ,ΥΠ

145 491 245 550 tum
273 437 378 552 fieris
397 472 563 565 debuit,
617 487 756 572 qutun·
781 473 963 578 elegiaca·
987 477 1165 566 disticha

142 576 250 652 huic
278 577 342 652 rei
364 593 500 664 essent
523 574 716 659 adhibita.
771 585 912 685 Quum
940 583 1053 661 enirn
1078 583 1160 661 hoc

145 700 357 756 versuum
371 703 500 778 genus
523 679 721 778 strophen
740 679 1051 779 quodammodo
1069 682 1160 767 effi*
1194 716 1202 732 ·

3 779 19 842 Ἀ
148 782 249 869 ciat,
288 795 436 881 sponte
458 795 733 881 exspectatur,
771 797 819 860 ut
839 783 959 860 docta
981 784 1159 883 quadam

145 883 375 958 sententiae
392 881 725 961 conformatione
742 898 878 962 totum
893 885 1020 976 illud,
1044 887 1160 986 quod
1205 885 1213 896 '

144 1009 267 1059 aures
283 985 330 1058 in
343 985 506 1060 heroici
526 1009 669 1060 versus
695 1002 1070 1088 cumpentarnetro
1089 1015 1162 1068 co·

144 1086 377 1186 pulatione
396 1111 492 1160 cum
526 1088 738 1186 voluptate
776 1091 980 1184 sentiunt,
1034 1091 1160 1170 etiam

145 1189 289 1263 animo
310 1203 349 1264 et
365 1203 503 1272 mente
523 1190 786 1288 percipiatur.
839 1196 976 1296 Quare
997 1207 1159 1270 maturo
1227 1200 1231 1211 '
1263 1276 1265 1286 Α

144 1287 402 1379 factumest,
430 1304 478 1363 ut
492 1290 659 1390 elegiaci
674 1305 821 1392 poetae
844 1308 884 1367 et
904 1293 1066 1395 singula
1094 1293 1160 1370 di·

145 1393 277 1466 sticha
309 1406 350 1467 et
379 1390 577 1492 periodos
609 1417 658 1466 ex
693 1391 878 1468 distichis
906 1396 1159 1496 compositas
1242 1478 1246 1486 ,

137 1515 443 1594 saepenumero
483 1492 691 1574 luculenta
727 1492 905 1591 quadarn
940 1499 1155 1588 sententia,
1205 1557 1208 1566 .

143 1612 217 1669 aut
229 1594 357 1670 verbo
382 1593 696 1686 concluderent,
728 1594 849 1694 quod
867 1597 1040 1697 legentis
1067 1601 1159 1693 alrif

139 1723 262 1772 mum
275 1711 477 1798 pungeret
497 1711 537 1774 et
551 1711 718 1774 teneret.
772 1702 866 1802 Quo
882 1699 1057 1790 jbrevius
1083 1727 1157 1776 au-

139 1811 229 1874 tem
252 1813 312 1874 est
335 1805 520 1890 carmen,
560 1823 613 1874 eo
636 1799 767 1915 magis
791 1801 1017 1898 requiritur
1031 1803 1155 1904 inge,-

136 1903 263 1998 niosa
280 1901 503 1988 sententiae
521 1903 777 1990 conversio,
799 1915 877 1976 aut·
887 1918 1155 2013 praeceptum

139 2001 197 2076 ad
225 2003 354 2076 vitam
381 1998 503 2091 utile,
548 2017 619 2078 aut
641 2004 777 2104 gravis
803 2004 1006 2102 quaedam
1028 2019 1069 2080 et
1087 2001 1159 2086 fc·-

140 2103 279 2201 cunda
291 2103 414 2202 γνώμη,
436 2118 510 2180 aut
520 2104 696 2184 omnino
712 2105 886 2202 aliquid,
904 2105 1020 2204 quod
1035 2107 1156 2202 quasi

139 2207 332 2282 aculeum
366 2207 413 2280 in
445 2207 837 2304 animorelinquat.
898 2207 1157 2305 'Sic‘itaquo

137 2309 454 2408 epigrammata,
486 2307 673 2407 primum
701 2306 905 2410 donariis,
946 2323 1039 2384 tum
1059 2333 1153 2386 rno-

137 2411 338 2498 ninrentis
361 2407 678 2510 sepulcralibus‚
703 2407 858 2498 tabulis
879 2409 1048 2498 votivis,
1073 2403 1157 2484 sta-J

137 2513 243 2601 tuis,
271 2512 399 2612 signis
418 2511 591 2612 aliisque
612 2508 738 2584 rebus
751 2506 945 2608 adhibita,
971 2525 1069 2586 curn
1084 2537 1154 2586 ex«
1186 2543 1189 2552 ’

138 2628 254 2688 terna
280 2613 473 2688 carminis
499 2609 635 2714 forma
653 2625 844 2687 neutram
871 2635 1038 2717 quoque
1053 2639 1154 2697 car-2
1192 2691 1195 2696 ,

137 2714 265 2789 minis
284 2713 526 2790 induebant
542 2745 543 2749 ¹
561 2715 722 2812 Neque
737 2727 876 2786 tamen
899 2713 981 2814 hoc
1001 2716 1058 2788 ita
1078 2741 1151 2791 ve-

136 2817 214 2891 lim
236 2817 388 2916 accipi,
433 2815 551 2914 quasi
572 2813 638 2905 id,
680 2813 796 2912 quod
819 2815 866 2890 in
894 2815 976 2890 hoc
1000 2843 1151 2917 genero

136 2919 351 3019 poeticum
369 2929 451 3006 est,
484 2930 621 3001 toturn
643 2916 693 2990 ab
716 2931 880 2994 externa
903 2922 989 3011 ejus
1012 2916 1150 2994 forma
1175 2942 1189 2960 Χ·
1312 2926 1316 2934 ’
1358 2913 1359 2940 ³

136 3019 414 3096 derivandum
457 3019 699 3113 erdstimem.
776 3023 888 3096 Nam
936 3020 983 3096 in
1011 3021 1168 3097 ‘rebus
1251 3063 1257 3071 ·

136 3147 304 3219 quoque
342 3121 448 3209 illis,
489 3145 594 3218 quae
628 3121 938 3222 epigrammatis
980 3123 1150 3198 concin-

134 3222 286 3299 nandis
332 3222 685 3322 opportunitatem
730 3222 901 3314 dabant,
946 3240 1154 3322 quantum

134 3327 270 3402 inerat
296 3324 347 3398 ad
368 3325 570 3424 pietatis„
585 3318 891 3416 adnrirationiS,
926 3327 1030 3428 grati
1058 3327 1148 3402 ani·
1254 3348 1256 3359 ¹
1321 3386 1359 3442 ff

134 3428 196 3502 nri
239 3449 407 3502 sensum
453 3425 739 3515 excitandum,
783 3452 867 3525 quo
909 3448 1042 3526 quum
1081 3427 1149 3500 in-v

138 3528 299 3604 calescit
337 3543 501 3628 pectus,
536 3543 684 3629 sponte
711 3551 888 3634 poeseos
918 3529 983 3604 vis
1014 3543 1054 3603 et
1080 3528 1148 3602 lu·

105 3625 233 3706 'rnen
276 3629 505 3705 enascitur!
556 3656 697 3729 quarnx
721 3631 863 3706 crebro
905 3645 1002 3704 vota
1039 3657 1146 3708 cum

135 3733 359 3834 gratiarum
381 3732 561 3822 actione,
602 3757 743 3834 preces
777 3732 1072 3820 cunilaetitiae,
1091 3733 1145 3808 si·
1176 3779 1194 3798 „
1295 3777 1297 3787 ,
1358 3751 1359 3784 t

136 3829 399 3936 gnificatione
413 3835 651 3934 ‘jungendae
675 3837 806 3912 erant!
848 3859 972 3932 quarn
999 3836 1145 3912 acriter

6 3960 11 3971 ·
136 3961 257 4036 saepe
271 3947 413 4016 rerum'
423 3937 637 4036 ipsarum,
665 3938 816 4035 quibus
833 3934 1058 4012 addebatur
1078 3938 1149 4012 ind
1216 3969 1219 3977 ’

5 4048 17 4069 ’
137 4037 329 4138 scriptio,
362 4053 411 4114 ut
433 4053 586 4114 statuae
597 4039 805 4126 ,tabulae
827 4040 961 4139 pictae
986 4040 1145 4130 aliusve

138 4139 285 4216 similis
304 4139 449 4242 operis
465 4141 714 4244 praestantia
738 4137 791 4218 ad
816 4141 983 4219 laudem
1008 4139 1146 4243 operis
